<record><leader>01674cam a2200421 i 4500</leader><controlfield tag="001">6815560</controlfield><controlfield tag="003">OCoLC</controlfield><controlfield tag="005">20150220155315.0</controlfield><controlfield tag="008">141215s2015    nyua     b    001 0 eng  </controlfield><datafield ind1=" " ind2=" " tag="010"><subfield code="a">  2014035439</subfield></datafield><datafield ind1=" " ind2=" " tag="020"><subfield code="a">9780807756201</subfield><subfield code="q">pbk.</subfield></datafield><datafield ind1=" " ind2=" " tag="020"><subfield code="a">0807756202</subfield><subfield code="q">pbk.</subfield></datafield><datafield ind1=" " ind2=" " tag="020"><subfield code="a">9780807756218</subfield><subfield code="q">hardcover</subfield></datafield><datafield ind1=" " ind2=" " tag="020"><subfield code="a">0807756210</subfield><subfield code="q">hardcover</subfield></datafield><datafield ind1=" " ind2=" " tag="020"><subfield code="z">9780807773536</subfield><subfield code="q">electronic bk.</subfield></datafield><datafield ind1=" " ind2=" " tag="020"><subfield code="z">0807773530</subfield><subfield code="q">electronic bk.</subfield></datafield><datafield ind1=" " ind2=" " tag="035"><subfield code="a">ocn891125162</subfield></datafield><datafield ind1=" " ind2=" " tag="040"><subfield code="a">DLC</subfield><subfield code="e">rda</subfield><subfield code="b">eng</subfield><subfield code="c">DLC</subfield><subfield code="d">YDX</subfield><subfield code="d">BTCTA</subfield><subfield code="d">BDX</subfield><subfield code="d">YDXCP</subfield><subfield code="d">CDX</subfield><subfield code="d">MNE</subfield><subfield code="d">UAB</subfield><subfield code="d">AEU</subfield></datafield><datafield ind1=" " ind2=" " tag="042"><subfield code="a">pcc</subfield></datafield><datafield ind1="0" ind2="0" tag="050"><subfield code="a">LB1590.3</subfield><subfield code="b">.F475 2015</subfield></datafield><datafield ind1="0" ind2="0" tag="082"><subfield code="a">370.15/2</subfield><subfield code="2">23</subfield></datafield><datafield ind1=" " ind2=" " tag="090"><subfield code="a">LB 1590.3 F475 2015</subfield><subfield code="b">AEU</subfield></datafield><datafield ind1="1" ind2=" " tag="100"><subfield code="a">Feuerstein, Reuven,</subfield><subfield code="e">author.</subfield></datafield><datafield ind1="1" ind2="0" tag="245"><subfield code="a">Changing minds and brains :</subfield><subfield code="b">the legacy of Reuven Feuerstein, higher thinking and cognition through mediated learning /</subfield><subfield code="c">Reuven Feuerstein, Louis H. Falik, Refael S. Feuerstein ; with contributions by Schmuel Feuerstein ; foreword by H. Carl Haywood.</subfield></datafield><datafield ind1=" " ind2="1" tag="264"><subfield code="a">New York, NY :</subfield><subfield code="b">Teachers College Press,</subfield><subfield code="c">[2015]</subfield></datafield><datafield ind1=" " ind2=" " tag="300"><subfield code="a">xxv, 222 pages :</subfield><subfield code="b">illustrations ;</subfield><subfield code="c">23 cm</subfield></datafield><datafield ind1=" " ind2=" " tag="336"><subfield code="a">text</subfield><subfield code="2">rdacontent</subfield></datafield><datafield ind1=" " ind2=" " tag="337"><subfield code="a">unmediated</subfield><subfield code="2">rdamedia</subfield></datafield><datafield ind1=" " ind2=" " tag="338"><subfield code="a">volume</subfield><subfield code="2">rdacarrier</subfield></datafield><datafield ind1=" " ind2=" " tag="504"><subfield code="a">Includes bibliographical references and index.</subfield></datafield><datafield ind1=" " ind2=" " tag="596"><subfield code="a">41</subfield></datafield><datafield ind1="1" ind2="0" tag="600"><subfield code="a">Feuerstein, Reuven.</subfield></datafield><datafield ind1=" " ind2="0" tag="650"><subfield code="a">Thought and thinking</subfield><subfield code="x">Study and teaching (Elementary)</subfield></datafield><datafield ind1=" " ind2="0" tag="650"><subfield code="a">Mediated learning experience.</subfield></datafield><datafield ind1="1" ind2=" " tag="700"><subfield code="a">Falik, Louis H.,</subfield><subfield code="e">author.</subfield></datafield><datafield ind1="1" ind2=" " tag="700"><subfield code="a">Feuerstein, Refael S.,</subfield><subfield code="e">author.</subfield></datafield><datafield ind1=" " ind2=" " tag="949"><subfield code="a">LB 1590.3 F475 2015</subfield><subfield code="h">UAED-B</subfield><subfield code="i">0162035248655</subfield></datafield><datafield ind1=" " ind2=" " tag="926"><subfield code="a">LB 1590.3 F475 2015</subfield><subfield code="w">LC</subfield><subfield code="c">1</subfield><subfield code="i">0162035248655</subfield><subfield code="l">FLOOR_2</subfield><subfield code="m">UAEDUC</subfield><subfield code="p">$150.00</subfield><subfield code="r">Y</subfield><subfield code="s">Y</subfield><subfield code="t">BOOK</subfield><subfield code="u">3/4/2015</subfield></datafield></record>